%% edite este arquivo para refletir os dados do seu relatório
@techreport{TR-IC-XX-XX,
  number = {IC-XX-XX},
  author = {Gabriel Oliveira and Jo{\~a}o Fid{\'e}lis and Matheus Figueiredo and Pedro Grij{\'o} and Lucas Morais},
  title = {{Relat{\'o}rio T{\'e}cnico Parcial}},
  month = {March},
  year = {2016}, 
  institution = {Institute of Computing, University of Campinas},
%% escolha uma das linhas abaixo ou edite uma delas
%%  note = {In English, 14 pages.
  note = {In Portuguese, X pages.
%%  note = {In Spanish, 14 pages.
%%  note = {Partly in English, partly in Portuguese, 14 pages.
%% 
%% por favor, NÃO inclua a capa no número de páginas == o número de
%% páginas em geral é igual ao número da última página
%%
    \par\selectlanguage{brazil}\textbf{Resumo}
       Este trabalho é um relatório da primeira parte do projeto da displina, que consistiu em preparar a máquina remota, instalando o servidor Tomcat, o banco de dados PostgreSQL e integrando todas essas funcionalidades para fazer um site com dados gerados aleatoriamente. Também foi instalado na máquina o aplicativo TPC-W que é um benchmark de transações web. Para utilizar o TPC-W, foi instalado o RBE (Remote Browser Emulator), emula conjuntos de clientes que acessam o lado servidor do TPC-W, que implementa uma loja de livros. Os clientes operam como se fossem navegadores web.
    \par
       Com base nessas pesquisas, determinamos ...
    \par\selectlanguage{english}\textbf{Abstract}
       Insert here the abstract in English.
    \par\selectlanguage{spanish}\textbf{Resumen}
       El resumen del relatório en español.
  }
}
